<?xml version="1.0" encoding="utf-8"?>
<record xmlns="http://www.loc.gov/MARC21/slim" xmlns:xsi="http://www.w3.org/2001/XMLSchema-instance" xsi:schemaLocation="http://www.loc.gov/MARC21/slim http://www.loc.gov/standards/marcxml/schema/MARC21slim.xsd">
	<leader>     nam a22        4500</leader>
	<controlfield tag="001">2872208</controlfield>
	<controlfield tag="003">NNC</controlfield>
	<controlfield tag="006">m        d        </controlfield>
	<controlfield tag="007">cr cn |||m|||a</controlfield>
	<controlfield tag="008">180119s1886    ir      o     000 0 ara d</controlfield>
	<datafield ind1=" " ind2=" " tag="040">
		<subfield code="a">NNU</subfield>
		<subfield code="b">eng</subfield>
		<subfield code="e">rda</subfield>
		<subfield code="c">NNU</subfield>
	</datafield>
	<datafield ind1="1" ind2="4" tag="050">
		<subfield code="a">BP130.4</subfield>
		<subfield code="b">.T32</subfield>
	</datafield>
	<datafield ind1="1" ind2=" " tag="100">
		<subfield code="a">Ṭabarsī, al-Faḍl ibn al-Ḥasan,</subfield>
		<subfield code="d">-1153.</subfield>
	</datafield>
	<datafield ind1="1" ind2="0" tag="245">
		<subfield code="a">Majmaʻ al-bayān fī tafsīr al-Qurʼān /</subfield>
		<subfield code="c">Abū ʻAlī al-Fadl ibn al-Ḥasan al-Tabarsī.</subfield>
	</datafield>
	<datafield ind1=" " ind2=" " tag="260">
		<subfield code="a">Ṭihrāh :</subfield>
		<subfield code="b">Kārkhāna-i ʻĀlījāh ʻAlbaqlī Khān,</subfield>
		<subfield code="c">1304 [1886]</subfield>
	</datafield>
	<datafield ind1=" " ind2=" " tag="300">
		<subfield code="a">online resource (2 volumes)</subfield>
	</datafield>
	<datafield ind1=" " ind2=" " tag="336">
		<subfield code="a">text</subfield>
		<subfield code="2">rdacontent</subfield>
	</datafield>
	<datafield ind1=" " ind2=" " tag="337">
		<subfield code="a">computer</subfield>
		<subfield code="2">rdamedia</subfield>
	</datafield>
	<datafield ind1=" " ind2=" " tag="338">
		<subfield code="a">online resource</subfield>
		<subfield code="2">rdacarrier</subfield>
	</datafield>
	<datafield ind1=" " ind2=" " tag="500">
		<subfield code="a">Part of the Arabic Collections Online (ACO) project, contributed by Columbia University Libraries.</subfield>
	</datafield>
	<datafield ind1=" " ind2=" " tag="533">
		<subfield code="a">Electronic reproduction.</subfield>
		<subfield code="b">New York, N.Y. :</subfield>
		<subfield code="c">New York University,</subfield>
		<subfield code="d">2018.</subfield>
		<subfield code="5">NNU</subfield>
	</datafield>
	<datafield ind1="0" ind2="0" tag="630">
		<subfield code="a">Qurʼan</subfield>
		<subfield code="v">Commentaries.</subfield>
	</datafield>
	<datafield ind1="0" ind2="7" tag="630">
		<subfield code="a">Qurʼan.</subfield>
		<subfield code="2">fast</subfield>
		<subfield code="0">(OCoLC)fst01842877</subfield>
	</datafield>
	<datafield ind1=" " ind2="7" tag="655">
		<subfield code="a">Commentaries.</subfield>
		<subfield code="2">fast</subfield>
		<subfield code="0">(OCoLC)fst01423723</subfield>
	</datafield>
	<datafield ind1="2" ind2=" " tag="710">
		<subfield code="a">Columbia University.</subfield>
		<subfield code="b">Libraries.</subfield>
	</datafield>
	<datafield ind1="0" ind2=" " tag="730">
		<subfield code="a">Arabic Collections Online.</subfield>
	</datafield>
	<datafield ind1="0" ind2="8" tag="776">
		<subfield code="i">Online version:</subfield>
		<subfield code="a">Ṭabarsī, al-Faḍl ibn al-Ḥasan, -1153.</subfield>
		<subfield code="t">Majmaʻ al-bayān fī tafsīr al-Qurʼān.</subfield>
		<subfield code="d">Ṭihrāh : Kārkhāna-i ʻĀlījāh ʻAlbaqlī Khān, 1304 [1886]</subfield>
		<subfield code="w">(OCoLC)654552818</subfield>
	</datafield>
	<datafield ind1="0" ind2="8" tag="776">
		<subfield code="i">Print version:</subfield>
		<subfield code="a">Ṭabarsī, al-Faḍl ibn al-Ḥasan, -1153.</subfield>
		<subfield code="t">Majmaʻ al-bayān fī tafsīr al-Qurʼān</subfield>
		<subfield code="w">(NNC)2872208</subfield>
		<subfield code="w">(OCoLC)45890060</subfield>
	</datafield>
	<datafield ind1="4" ind2="0" tag="856">
		<subfield code="u">http://hdl.handle.net/2333.1/000005gd</subfield>
	</datafield>
	<datafield ind1=" " ind2=" " tag="959">
		<subfield code="a">NNU</subfield>
		<subfield code="b">WEB</subfield>
		<subfield code="c">GENI</subfield>
		<subfield code="t">0</subfield>
		<subfield code="m">Electronic access</subfield>
		<subfield code="s">01</subfield>
	</datafield>
	<datafield ind1=" " ind2=" " tag="999">
		<subfield code="i">NNC_2872208</subfield>
		<subfield code="o">(OCoLC)ocm45890060</subfield>
		<subfield code="s">columbia_aco003224:v.1</subfield>
		<subfield code="s">columbia_aco003225:v.2</subfield>
		<subfield code="e">(ERROR-880)</subfield>
	</datafield>
</record>
